<record><leader>00000cas a22000007a 4500</leader><controlfield tag="001">13303927</controlfield><controlfield tag="008">860317d18861907pauwr ne      0    0eng d</controlfield><datafield ind1=" " ind2=" " tag="010"><subfield code="a">sn 86081175 </subfield></datafield><datafield ind1=" " ind2=" " tag="040"><subfield code="a">NPH</subfield><subfield code="b">eng</subfield><subfield code="c">NPH</subfield><subfield code="d">NYS</subfield><subfield code="d">OCLCQ</subfield></datafield><datafield ind1=" " ind2=" " tag="042"><subfield code="a">msc</subfield></datafield><datafield ind1="0" ind2=" " tag="130"><subfield code="a">People (Milton, Pa.)</subfield></datafield><datafield ind1="1" ind2="4" tag="245"><subfield code="a">The people.</subfield></datafield><datafield ind1=" " ind2=" " tag="260"><subfield code="a">Milton, Pa. :</subfield><subfield code="b">James Black and H.D. Patton</subfield></datafield><datafield ind1=" " ind2=" " tag="300"><subfield code="a">v. ;</subfield><subfield code="c">55 cm.</subfield></datafield><datafield ind1=" " ind2=" " tag="310"><subfield code="a">Weekly</subfield></datafield><datafield ind1="1" ind2=" " tag="362"><subfield code="a">Began in 1886; ceased in 1907.</subfield><subfield code="z">Cf. Rossell, G. Pa. newspapers.</subfield></datafield><datafield ind1=" " ind2=" " tag="500"><subfield code="a">Publisher: Milton Print. Co., &lt;1900&gt;; People Co., &lt;1901&gt;.</subfield></datafield><datafield ind1=" " ind2=" " tag="500"><subfield code="a">Editorial offices in Philadelphia, Pa., &lt;1901-1904&gt;.</subfield></datafield><datafield ind1=" " ind2=" " tag="500"><subfield code="a">Published also in Franklin, Pa., &lt;1906&gt;.</subfield></datafield><datafield ind1=" " ind2=" " tag="580"><subfield code="a">Havana, N.Y. ed: People (Havana, N.Y.).</subfield></datafield><datafield ind1=" " ind2=" " tag="588"><subfield code="a">Description based on: Vol. 7, no. 35 (Sept. 21, 1893).</subfield></datafield><datafield ind1=" " ind2=" " tag="752"><subfield code="a">United States</subfield><subfield code="b">Pennsylvania</subfield><subfield code="c">Northumberland</subfield><subfield code="d">Milton.</subfield></datafield><datafield ind1=" " ind2=" " tag="752"><subfield code="a">United States</subfield><subfield code="b">Pennsylvania</subfield><subfield code="c">Philadelphia</subfield><subfield code="d">Philadelphia.</subfield></datafield><datafield ind1=" " ind2=" " tag="752"><subfield code="a">United States</subfield><subfield code="b">Pennsylvania</subfield><subfield code="c">Venango</subfield><subfield code="d">Franklin.</subfield></datafield><datafield ind1="1" ind2=" " tag="775"><subfield code="t">People (Havana, N.Y.)</subfield><subfield code="w">(DLC)sn 91066731</subfield></datafield></record>